@Book{javatz,
  author    = {Cay S. Horstmann, Gary Corenell},
  publisher = {Helion},
  title     = {Java. Techniki zaawansowane},
  year      = {2013},
  edition   = {IX},
}

@Book{javaep,
  author    = {Joshua Bloch},
  publisher = {Helion},
  title     = {Java Efektywne Programowanie},
  year      = {2018},
  edition   = {III},
}

@Book{javapersistence,
  author    = {Christian Bauer, Gavin King, Gary Gregory},
  publisher = {MANNING},
  title     = {Java Persistence with Hibernate},
  year      = {2015},
  edition   = {II},
}

@Book{spring,
  author    = {Craig Walls},
  publisher = {Helion},
  title     = {Spring w Akcji},
  year      = {2019},
  edition   = {V},
}

@Book{react,
  author    = {Stoyan Stefanov},
  publisher = {O'Reily},
  title     = {React: Up & Running},
  year      = {2021},
  edition   = {II},
}

@Article{javarest,
  author = {Pankaj Kumar},
  title  = {Restful Web Services Tutorial in Java},
}

@Article{generics,
  author    = {Krzysztof},
  title     = {Generic controllers and services in Spring Boot Java},
  timestamp = {2024-01-23},
  url       = {https://ultimate.systems/web/blog/generic-controllers-and-services-in-spring-boot-java},
}

@Article{springdoc,
  title     = {Spring Framework Documentation},
  timestamp = {2024-01-23},
  url       = {https://docs.spring.io/spring-framework/reference/index.html},
}

@Article{hibernateinh,
  title     = {Hibernate Inheritance Mapping},
  timestamp = {2024-01-23},
  url       = {https://www.baeldung.com/hibernate-inheritance},
}

@Article{springrest,
  title     = {Building REST services with Spring},
  timestamp = {2024-01-23},
  url       = {https://spring.io/guides/tutorials/rest/},
}

@Article{ssms,
  author    = {Microsoft},
  title     = {SQL Server Management Studio components and configuration},
  timestamp = {2024-01-23},
  url       = {https://learn.microsoft.com/en-us/sql/ssms/tutorials/ssms-configuration?view=sql-server-ver16},
}

@Comment{jabref-meta: databaseType:bibtex;}
